<?xml version="1.0" encoding="UTF-8"?><record xmlns="http://www.loc.gov/MARC21/slim" xmlns:cinclude="http://apache.org/cocoon/include/1.0" xmlns:zs="http://www.loc.gov/zing/srw/">
  <leader>00471nz  a2200133n  4500</leader>
  <controlfield tag="001">n  87153784 </controlfield>
  <controlfield tag="003">DLC</controlfield>
  <controlfield tag="005">19871229121910.9</controlfield>
  <controlfield tag="008">871229n| acannaab|          |n aaa |||  </controlfield>
  <datafield tag="010" ind1=" " ind2=" ">
    <subfield code="a">n  87153784 </subfield>
  </datafield>
  <datafield tag="040" ind1=" " ind2=" ">
    <subfield code="a">DLC</subfield>
    <subfield code="c">DLC</subfield>
  </datafield>
  <datafield tag="100" ind1="1" ind2="0">
    <subfield code="a">Schaffner, LeRoy W.</subfield>
  </datafield>
  <datafield tag="670" ind1=" " ind2=" ">
    <subfield code="a">nuc86-104390: Economic effects of added growing season ... 1983</subfield>
    <subfield code="b">(hdg. on NdFA rept.: Schaffner, LeRoy Winfield, 1920- ; usage: LeRoy W. Schaffner)</subfield>
  </datafield>
  <datafield tag="670" ind1=" " ind2=" ">
    <subfield code="a">LC data base, 12-29-87</subfield>
    <subfield code="b">(hdg.: Schaffner, LeRoy W.)</subfield>
  </datafield>
</record>